<?xml version="1.0" encoding="UTF-8"?><collection xmlns="http://www.loc.gov/MARC21/slim"><record><leader>00550nam--2200193-i-4500</leader><controlfield tag="001">000016809</controlfield><controlfield tag="002">20161230</controlfield><controlfield tag="005">20161230201032</controlfield><controlfield tag="008">060222s1000------------r-----000-0-rum-d</controlfield><datafield ind1=" " ind2=" " tag="040"><subfield code="a">IFIN-HH</subfield></datafield><datafield ind1=" " ind2=" " tag="041"><subfield code="a">rum</subfield></datafield><datafield ind1=" " ind2=" " tag="080"><subfield code="a">530.16</subfield></datafield><datafield ind1="1" ind2=" " tag="100"><subfield code="a">Bally, D</subfield></datafield><datafield ind1="1" ind2="0" tag="245"><subfield code="a">Ordine si dezordine la scara atomilor si moleculelor</subfield><subfield code="c">D. bally</subfield></datafield><datafield ind1=" " ind2=" " tag="260"><subfield code="a">Bucuresti</subfield><subfield code="b">Editura Stiintifica Si Enciclopedica</subfield><subfield code="c">1978</subfield></datafield><datafield ind1=" " ind2=" " tag="300"><subfield code="a">112P</subfield></datafield><datafield ind1=" " ind2=" " tag="490"><subfield code="a">Colectia Stiinta Pentru Toti, Cunostinte Despre Univers</subfield></datafield><datafield ind1=" " ind2=" " tag="852"><subfield code="a">78508</subfield><subfield code="c">539.2</subfield></datafield><datafield ind1=" " ind2=" " tag="CAT"><subfield code="a">Sys</subfield><subfield code="c">20121203</subfield><subfield code="h">112922</subfield></datafield></record></collection>